<?xml version="1.0" encoding="UTF-8"?><collection xmlns="http://www.loc.gov/MARC21/slim"><record><leader>00650nam--2200181-i-4500</leader><controlfield tag="001">000020994</controlfield><controlfield tag="002">20161230</controlfield><controlfield tag="005">20161230201034</controlfield><controlfield tag="008">060222s1000------------r-----000-0-eng-d</controlfield><datafield ind1=" " ind2=" " tag="040"><subfield code="a">IFIN-HH</subfield></datafield><datafield ind1=" " ind2=" " tag="080"><subfield code="a">52-48(061.3)</subfield></datafield><datafield ind1="1" ind2=" " tag="100"><subfield code="a">Oberhummer, Heinz /S.A.</subfield></datafield><datafield ind1="1" ind2="0" tag="245"><subfield code="a">Nuclear astrophysics</subfield><subfield code="b">Proceedings of the international symposium nuclei in the cosmos baden/vienna, austria june 18th - june 22nd, 1990; october 1990</subfield><subfield code="c">Heinz oberhummer, wolfgang hillebrandt (eds.)</subfield></datafield><datafield ind1=" " ind2=" " tag="260"><subfield code="a">Munchen</subfield><subfield code="b">Max-plank-institut Fur Astrophysik</subfield><subfield code="c">1990</subfield></datafield><datafield ind1=" " ind2=" " tag="300"><subfield code="a">V + 311 P</subfield></datafield><datafield ind1="1" ind2=" " tag="700"><subfield code="a">Hillebrandt, Wolfgang</subfield></datafield><datafield ind1=" " ind2=" " tag="852"><subfield code="a">81017</subfield><subfield code="c">523</subfield></datafield><datafield ind1=" " ind2=" " tag="CAT"><subfield code="a">Sys</subfield><subfield code="c">20141210</subfield><subfield code="h">152212</subfield></datafield></record></collection>